%YAML 1.1
%TAG !u! tag:unity3d.com,2011:
--- !u!29 &1
SceneSettings:
  m_ObjectHideFlags: 0
  m_PVSData: 
  m_PVSObjectsArray: []
  m_PVSPortalsArray: []
  m_OcclusionBakeSettings:
    smallestOccluder: 5
    smallestHole: .25
    backfaceThreshold: 100
--- !u!104 &2
RenderSettings:
  m_Fog: 0
  m_FogColor: {r: .5, g: .5, b: .5, a: 1}
  m_FogMode: 3
  m_FogDensity: .00999999978
  m_LinearFogStart: 0
  m_LinearFogEnd: 300
  m_AmbientLight: {r: .200000003, g: .200000003, b: .200000003, a: 1}
  m_SkyboxMaterial: {fileID: 0}
  m_HaloStrength: .5
  m_FlareStrength: 1
  m_FlareFadeSpeed: 3
  m_HaloTexture: {fileID: 0}
  m_SpotCookie: {fileID: 0}
  m_ObjectHideFlags: 0
--- !u!127 &3
LevelGameManager:
  m_ObjectHideFlags: 0
--- !u!157 &4
LightmapSettings:
  m_ObjectHideFlags: 0
  m_LightProbes: {fileID: 0}
  m_Lightmaps:
  - m_Lightmap: {fileID: 2800000, guid: a96effba233cd904991d048cfd5fa5c6, type: 3}
    m_IndirectLightmap: {fileID: 2800000, guid: f31b54d0f02daa14cbae6774aa9383c3,
      type: 3}
  m_LightmapsMode: 1
  m_BakedColorSpace: 0
  m_UseDualLightmapsInForward: 0
  m_LightmapEditorSettings:
    m_Resolution: 40
    m_LastUsedResolution: 40
    m_TextureWidth: 1024
    m_TextureHeight: 1024
    m_BounceBoost: 2
    m_BounceIntensity: 1
    m_SkyLightColor: {r: .860000014, g: .930000007, b: 1, a: 1}
    m_SkyLightIntensity: .5
    m_Quality: 0
    m_Bounces: 3
    m_FinalGatherRays: 1000
    m_FinalGatherContrastThreshold: .0500000007
    m_FinalGatherGradientThreshold: 0
    m_FinalGatherInterpolationPoints: 15
    m_AOAmount: 0
    m_AOMaxDistance: .100000001
    m_AOContrast: 1
    m_LODSurfaceMappingDistance: 1
    m_Padding: 0
    m_TextureCompression: 0
    m_LockAtlas: 0
--- !u!196 &5
NavMeshSettings:
  m_ObjectHideFlags: 0
  m_BuildSettings:
    agentRadius: .5
    agentHeight: 2
    agentSlope: 45
    agentClimb: .400000006
    ledgeDropHeight: 0
    maxJumpAcrossDistance: 0
    accuratePlacement: 0
    minRegionArea: 2
    widthInaccuracy: 16.666666
    heightInaccuracy: 10
  m_NavMesh: {fileID: 0}
--- !u!1 &18425346
GameObject:
  m_ObjectHideFlags: 0
  m_PrefabParentObject: {fileID: 100008, guid: 202138bb82c74b34090ae757b3d0cae7, type: 3}
  m_PrefabInternal: {fileID: 0}
  serializedVersion: 4
  m_Component:
  - 4: {fileID: 18425347}
  - 33: {fileID: 18425349}
  - 23: {fileID: 18425348}
  m_Layer: 0
  m_Name: Barrel-4
  m_TagString: Untagged
  m_Icon: {fileID: 0}
  m_NavMeshLayer: 0
  m_StaticEditorFlags: 4294967295
  m_IsActive: 1
--- !u!4 &18425347
Transform:
  m_ObjectHideFlags: 0
  m_PrefabParentObject: {fileID: 400008, guid: 202138bb82c74b34090ae757b3d0cae7, type: 3}
  m_PrefabInternal: {fileID: 0}
  m_GameObject: {fileID: 18425346}
  m_LocalRotation: {x: -.268071681, y: -.654322207, z: -.654322207, w: .268071979}
  m_LocalPosition: {x: -1.87648439, y: -1.04308128e-07, z: 2.03823209}
  m_LocalScale: {x: .0999999866, y: .0999999791, z: .0999999866}
  m_Children: []
  m_Father: {fileID: 981411666}
  m_RootOrder: 10
--- !u!23 &18425348
Renderer:
  m_ObjectHideFlags: 0
  m_PrefabParentObject: {fileID: 2300006, guid: 202138bb82c74b34090ae757b3d0cae7,
    type: 3}
  m_PrefabInternal: {fileID: 0}
  m_GameObject: {fileID: 18425346}
  m_Enabled: 1
  m_CastShadows: 1
  m_ReceiveShadows: 1
  m_LightmapIndex: 0
  m_LightmapTilingOffset: {x: .029296875, y: .029296875, z: .935546875, w: .03125}
  m_Materials:
  - {fileID: 2100000, guid: 4df22e458844a9747a2f1d392dee9a46, type: 2}
  m_SubsetIndices: 
  m_StaticBatchRoot: {fileID: 0}
  m_UseLightProbes: 0
  m_LightProbeAnchor: {fileID: 0}
  m_ScaleInLightmap: 1
  m_SortingLayerID: 0
  m_SortingOrder: 0
--- !u!33 &18425349
MeshFilter:
  m_ObjectHideFlags: 0
  m_PrefabParentObject: {fileID: 3300006, guid: 202138bb82c74b34090ae757b3d0cae7,
    type: 3}
  m_PrefabInternal: {fileID: 0}
  m_GameObject: {fileID: 18425346}
  m_Mesh: {fileID: 4300002, guid: 202138bb82c74b34090ae757b3d0cae7, type: 3}
--- !u!1 &54857935
GameObject:
  m_ObjectHideFlags: 0
  m_PrefabParentObject: {fileID: 0}
  m_PrefabInternal: {fileID: 0}
  serializedVersion: 4
  m_Component:
  - 4: {fileID: 54857940}
  - 20: {fileID: 54857939}
  - 92: {fileID: 54857938}
  - 124: {fileID: 54857937}
  - 81: {fileID: 54857936}
  - 114: {fileID: 54857941}
  - 114: {fileID: 54857942}
  - 114: {fileID: 54857943}
  - 114: {fileID: 54857944}
  - 114: {fileID: 54857945}
  m_Layer: 0
  m_Name: Main Camera
  m_TagString: MainCamera
  m_Icon: {fileID: 0}
  m_NavMeshLayer: 0
  m_StaticEditorFlags: 0
  m_IsActive: 1
--- !u!81 &54857936
AudioListener:
  m_ObjectHideFlags: 0
  m_PrefabParentObject: {fileID: 0}
  m_PrefabInternal: {fileID: 0}
  m_GameObject: {fileID: 54857935}
  m_Enabled: 1
--- !u!124 &54857937
Behaviour:
  m_ObjectHideFlags: 0
  m_PrefabParentObject: {fileID: 0}
  m_PrefabInternal: {fileID: 0}
  m_GameObject: {fileID: 54857935}
  m_Enabled: 1
--- !u!92 &54857938
Behaviour:
  m_ObjectHideFlags: 0
  m_PrefabParentObject: {fileID: 0}
  m_PrefabInternal: {fileID: 0}
  m_GameObject: {fileID: 54857935}
  m_Enabled: 1
--- !u!20 &54857939
Camera:
  m_ObjectHideFlags: 0
  m_PrefabParentObject: {fileID: 0}
  m_PrefabInternal: {fileID: 0}
  m_GameObject: {fileID: 54857935}
  m_Enabled: 1
  serializedVersion: 2
  m_ClearFlags: 1
  m_BackGroundColor: {r: .00417688116, g: .0261906944, b: .0373134613, a: .0196078438}
  m_NormalizedViewPortRect:
    serializedVersion: 2
    x: 0
    y: 0
    width: 1
    height: 1
  near clip plane: .300000012
  far clip plane: 1000
  field of view: 40
  orthographic: 0
  orthographic size: 100
  m_Depth: -1
  m_CullingMask:
    serializedVersion: 2
    m_Bits: 4294967295
  m_RenderingPath: -1
  m_TargetTexture: {fileID: 0}
  m_TargetDisplay: 0
  m_HDR: 0
  m_OcclusionCulling: 1
  m_StereoConvergence: 10
  m_StereoSeparation: .0219999999
--- !u!4 &54857940
Transform:
  m_ObjectHideFlags: 0
  m_PrefabParentObject: {fileID: 0}
  m_PrefabInternal: {fileID: 0}
  m_GameObject: {fileID: 54857935}
  m_LocalRotation: {x: -.0915301368, y: -.466988891, z: .0486709327, w: -.878165603}
  m_LocalPosition: {x: -6.15378809, y: 2.40398407, z: -5.266675}
  m_LocalScale: {x: 1, y: 1, z: 1}
  m_Children: []
  m_Father: {fileID: 0}
  m_RootOrder: 4
--- !u!114 &54857941
MonoBehaviour:
  m_ObjectHideFlags: 0
  m_PrefabParentObject: {fileID: 0}
  m_PrefabInternal: {fileID: 0}
  m_GameObject: {fileID: 54857935}
  m_Enabled: 1
  m_EditorHideFlags: 0
  m_Script: {fileID: 11500000, guid: a9aaa3f5f2d574f228e4a21aa38b61e4, type: 3}
  m_Name: 
  m_EditorClassIdentifier: 
  mode: 1
  showGeneratedNormals: 0
  offsetScale: .200000003
  blurRadius: 18
  edgeThresholdMin: .0500000007
  edgeThreshold: .200000003
  edgeSharpness: 4
  dlaaSharp: 0
  ssaaShader: {fileID: 4800000, guid: b3728d1488b02490cbd196c7941bf1f8, type: 3}
  dlaaShader: {fileID: 4800000, guid: 017ca72b9e8a749058d13ebd527e98fa, type: 3}
  nfaaShader: {fileID: 4800000, guid: ce0cb2621f6d84e21a87414e471a3cce, type: 3}
  shaderFXAAPreset2: {fileID: 4800000, guid: 6f1418cffd12146f2a83be795f6fa5a7, type: 3}
  shaderFXAAPreset3: {fileID: 4800000, guid: c182fa94a5a0a4c02870641efcd38cd5, type: 3}
  shaderFXAAII: {fileID: 4800000, guid: cd5b323dcc592457790ff18b528f5e67, type: 3}
  shaderFXAAIII: {fileID: 4800000, guid: c547503fff0e8482ea5793727057041c, type: 3}
--- !u!114 &54857942
MonoBehaviour:
  m_ObjectHideFlags: 0
  m_PrefabParentObject: {fileID: 0}
  m_PrefabInternal: {fileID: 0}
  m_GameObject: {fileID: 54857935}
  m_Enabled: 1
  m_EditorHideFlags: 0
  m_Script: {fileID: 11500000, guid: 237a7a10492cc4ae6a3adcc6419f4961, type: 3}
  m_Name: 
  m_EditorClassIdentifier: 
  quality: 1
  resolution: 4
  simpleTweakMode: 0
  focalPoint: 1
  smoothness: .5
  focalZDistance: .300000012
  focalZStartCurve: 1
  focalZEndCurve: 1
  objectFocus: {fileID: 0}
  focalSize: 0
  bluriness: 2
  maxBlurSpread: 1.75
  foregroundBlurExtrude: 1.14999998
  dofBlurShader: {fileID: 4800000, guid: bb4af680337344a4abad65a4e8873c50, type: 3}
  dofShader: {fileID: 4800000, guid: 987fb0677d01f43ce8a9dbf12271e668, type: 3}
  visualize: 0
  bokehDestination: 1
  bokeh: 0
  bokehSupport: 1
  bokehShader: {fileID: 4800000, guid: 57cdacf9b217546aaa18edf39a6151c0, type: 3}
  bokehTexture: {fileID: 2800000, guid: fc00ec05a89da4ff695a4273715cd5ce, type: 3}
  bokehScale: 2.4000001
  bokehIntensity: .150000006
  bokehThreshholdContrast: .100000001
  bokehThreshholdLuminance: .550000012
  bokehDownsample: 1
--- !u!114 &54857943
MonoBehaviour:
  m_ObjectHideFlags: 0
  m_PrefabParentObject: {fileID: 0}
  m_PrefabInternal: {fileID: 0}
  m_GameObject: {fileID: 54857935}
  m_Enabled: 1
  m_EditorHideFlags: 0
  m_Script: {fileID: 11500000, guid: b0923359e9e352a4b9b11c7b7161ad67, type: 3}
  m_Name: 
  m_EditorClassIdentifier: 
  m_Radius: .400000006
  m_SampleCount: 1
  m_OcclusionIntensity: 1.5
  m_Blur: 2
  m_Downsampling: 2
  m_OcclusionAttenuation: 1
  m_MinZ: .00999999978
  m_SSAOShader: {fileID: 4800000, guid: 43ca18288c424f645aaa1e9e07f04c50, type: 3}
  m_RandomTexture: {fileID: 2800000, guid: a181ca8e3c62f3e4b8f183f6c586b032, type: 3}
--- !u!114 &54857944
MonoBehaviour:
  m_ObjectHideFlags: 0
  m_PrefabParentObject: {fileID: 0}
  m_PrefabInternal: {fileID: 0}
  m_GameObject: {fileID: 54857935}
  m_Enabled: 1
  m_EditorHideFlags: 0
  m_Script: {fileID: 11500000, guid: 1dad87ba4f1e04d6eb7f287e1f2e08fe, type: 3}
  m_Name: 
  m_EditorClassIdentifier: 
  resolution: 1
  screenBlendMode: 0
  sunTransform: {fileID: 0}
  radialBlurIterations: 2
  sunColor: {r: 1, g: 1, b: 1, a: 1}
  sunShaftBlurRadius: 2.5
  sunShaftIntensity: 1.14999998
  useSkyBoxAlpha: .75
  maxRadius: .257000029
  useDepthTexture: 1
  sunShaftsShader: {fileID: 4800000, guid: d3b1c8c1036784176946f5cfbfb7fe4c, type: 3}
  simpleClearShader: {fileID: 4800000, guid: f688f89ed5eb847c5b19c934a0f1e772, type: 3}
--- !u!114 &54857945
MonoBehaviour:
  m_ObjectHideFlags: 0
  m_PrefabParentObject: {fileID: 0}
  m_PrefabInternal: {fileID: 0}
  m_GameObject: {fileID: 54857935}
  m_Enabled: 1
  m_EditorHideFlags: 0
  m_Script: {fileID: 11500000, guid: bef3d242a13c447ac90c2d2dc213b1ea, type: 3}
  m_Name: 
  m_EditorClassIdentifier: 
  mode: 0
  intensity: 1.39999998
  chromaticAberration: .200000003
  axialAberration: .5
  blur: .239999995
  blurSpread: .75
  luminanceDependency: .25
  vignetteShader: {fileID: 4800000, guid: 627943dc7a9a74286b70a4f694a0acd5, type: 3}
  separableBlurShader: {fileID: 4800000, guid: e97c14fbb5ea04c3a902cc533d7fc5d1, type: 3}
  chromAberrationShader: {fileID: 4800000, guid: 2b4f29398d9484ccfa9fd220449f5eee,
    type: 3}
--- !u!1 &276569100
GameObject:
  m_ObjectHideFlags: 0
  m_PrefabParentObject: {fileID: 100000, guid: 19730c7ae7bbb22469e63650fa14f7d7, type: 3}
  m_PrefabInternal: {fileID: 608666421}
  serializedVersion: 4
  m_Component:
  - 4: {fileID: 276569101}
  - 95: {fileID: 276569102}
  m_Layer: 0
  m_Name: Container
  m_TagString: Untagged
  m_Icon: {fileID: 0}
  m_NavMeshLayer: 0
  m_StaticEditorFlags: 4294967295
  m_IsActive: 1
--- !u!4 &276569101
Transform:
  m_ObjectHideFlags: 0
  m_PrefabParentObject: {fileID: 400000, guid: 19730c7ae7bbb22469e63650fa14f7d7, type: 3}
  m_PrefabInternal: {fileID: 608666421}
  m_GameObject: {fileID: 276569100}
  m_LocalRotation: {x: 0, y: 0, z: 0, w: 1}
  m_LocalPosition: {x: 0, y: 0, z: 0}
  m_LocalScale: {x: 1, y: 1, z: 1}
  m_Children:
  - {fileID: 853898027}
  - {fileID: 1087485578}
  - {fileID: 1477957782}
  m_Father: {fileID: 0}
  m_RootOrder: 0
--- !u!95 &276569102
Animator:
  serializedVersion: 3
  m_ObjectHideFlags: 0
  m_PrefabParentObject: {fileID: 9500000, guid: 19730c7ae7bbb22469e63650fa14f7d7,
    type: 3}
  m_PrefabInternal: {fileID: 608666421}
  m_GameObject: {fileID: 276569100}
  m_Enabled: 1
  m_Avatar: {fileID: 9000000, guid: 19730c7ae7bbb22469e63650fa14f7d7, type: 3}
  m_Controller: {fileID: 0}
  m_CullingMode: 0
  m_UpdateMode: 0
  m_ApplyRootMotion: 1
  m_HasTransformHierarchy: 1
  m_AllowConstantClipSamplingOptimization: 1
--- !u!1 &356923649
GameObject:
  m_ObjectHideFlags: 0
  m_PrefabParentObject: {fileID: 100002, guid: 202138bb82c74b34090ae757b3d0cae7, type: 3}
  m_PrefabInternal: {fileID: 0}
  serializedVersion: 4
  m_Component:
  - 4: {fileID: 356923650}
  - 33: {fileID: 356923652}
  - 23: {fileID: 356923651}
  m_Layer: 0
  m_Name: Barrel-1
  m_TagString: Untagged
  m_Icon: {fileID: 0}
  m_NavMeshLayer: 0
  m_StaticEditorFlags: 4294967295
  m_IsActive: 1
--- !u!4 &356923650
Transform:
  m_ObjectHideFlags: 0
  m_PrefabParentObject: {fileID: 400002, guid: 202138bb82c74b34090ae757b3d0cae7, type: 3}
  m_PrefabInternal: {fileID: 0}
  m_GameObject: {fileID: 356923649}
  m_LocalRotation: {x: -.707106829, y: -2.29045384e-07, z: -2.29045384e-07, w: .707106829}
  m_LocalPosition: {x: -.380790681, y: .00913128257, z: -.97227329}
  m_LocalScale: {x: .0999999866, y: .0999999791, z: .0999999866}
  m_Children: []
  m_Father: {fileID: 981411666}
  m_RootOrder: 5
--- !u!23 &356923651
Renderer:
  m_ObjectHideFlags: 0
  m_PrefabParentObject: {fileID: 2300000, guid: 202138bb82c74b34090ae757b3d0cae7,
    type: 3}
  m_PrefabInternal: {fileID: 0}
  m_GameObject: {fileID: 356923649}
  m_Enabled: 1
  m_CastShadows: 1
  m_ReceiveShadows: 1
  m_LightmapIndex: 0
  m_LightmapTilingOffset: {x: .029296875, y: .029296875, z: .966796875, w: .15625}
  m_Materials:
  - {fileID: 2100000, guid: 4df22e458844a9747a2f1d392dee9a46, type: 2}
  m_SubsetIndices: 
  m_StaticBatchRoot: {fileID: 0}
  m_UseLightProbes: 0
  m_LightProbeAnchor: {fileID: 0}
  m_ScaleInLightmap: 1
  m_SortingLayerID: 0
  m_SortingOrder: 0
--- !u!33 &356923652
MeshFilter:
  m_ObjectHideFlags: 0
  m_PrefabParentObject: {fileID: 3300000, guid: 202138bb82c74b34090ae757b3d0cae7,
    type: 3}
  m_PrefabInternal: {fileID: 0}
  m_GameObject: {fileID: 356923649}
  m_Mesh: {fileID: 4300000, guid: 202138bb82c74b34090ae757b3d0cae7, type: 3}
--- !u!1001 &374886514
Prefab:
  m_ObjectHideFlags: 0
  serializedVersion: 2
  m_Modification:
    m_TransformParent: {fileID: 0}
    m_Modifications:
    - target: {fileID: 400000, guid: 202138bb82c74b34090ae757b3d0cae7, type: 3}
      propertyPath: m_LocalPosition.x
      value: -1.98939359
      objectReference: {fileID: 0}
    - target: {fileID: 400000, guid: 202138bb82c74b34090ae757b3d0cae7, type: 3}
      propertyPath: m_LocalPosition.y
      value: 0
      objectReference: {fileID: 0}
    - target: {fileID: 400000, guid: 202138bb82c74b34090ae757b3d0cae7, type: 3}
      propertyPath: m_LocalPosition.z
      value: .716098666
      objectReference: {fileID: 0}
    - target: {fileID: 400000, guid: 202138bb82c74b34090ae757b3d0cae7, type: 3}
      propertyPath: m_LocalRotation.x
      value: 0
      objectReference: {fileID: 0}
    - target: {fileID: 400000, guid: 202138bb82c74b34090ae757b3d0cae7, type: 3}
      propertyPath: m_LocalRotation.y
      value: -.761122584
      objectReference: {fileID: 0}
    - target: {fileID: 400000, guid: 202138bb82c74b34090ae757b3d0cae7, type: 3}
      propertyPath: m_LocalRotation.z
      value: 0
      objectReference: {fileID: 0}
    - target: {fileID: 400000, guid: 202138bb82c74b34090ae757b3d0cae7, type: 3}
      propertyPath: m_LocalRotation.w
      value: .648608148
      objectReference: {fileID: 0}
    - target: {fileID: 100008, guid: 202138bb82c74b34090ae757b3d0cae7, type: 3}
      propertyPath: m_StaticEditorFlags
      value: 4294967295
      objectReference: {fileID: 0}
    - target: {fileID: 100006, guid: 202138bb82c74b34090ae757b3d0cae7, type: 3}
      propertyPath: m_StaticEditorFlags
      value: 4294967295
      objectReference: {fileID: 0}
    - target: {fileID: 100004, guid: 202138bb82c74b34090ae757b3d0cae7, type: 3}
      propertyPath: m_StaticEditorFlags
      value: 4294967295
      objectReference: {fileID: 0}
    - target: {fileID: 100002, guid: 202138bb82c74b34090ae757b3d0cae7, type: 3}
      propertyPath: m_StaticEditorFlags
      value: 4294967295
      objectReference: {fileID: 0}
    - target: {fileID: 100000, guid: 202138bb82c74b34090ae757b3d0cae7, type: 3}
      propertyPath: m_StaticEditorFlags
      value: 4294967295
      objectReference: {fileID: 0}
    - target: {fileID: 2300006, guid: 202138bb82c74b34090ae757b3d0cae7, type: 3}
      propertyPath: m_LightmapIndex
      value: 0
      objectReference: {fileID: 0}
    - target: {fileID: 2300006, guid: 202138bb82c74b34090ae757b3d0cae7, type: 3}
      propertyPath: m_LightmapTilingOffset.x
      value: .029296875
      objectReference: {fileID: 0}
    - target: {fileID: 2300006, guid: 202138bb82c74b34090ae757b3d0cae7, type: 3}
      propertyPath: m_LightmapTilingOffset.y
      value: .029296875
      objectReference: {fileID: 0}
    - target: {fileID: 2300006, guid: 202138bb82c74b34090ae757b3d0cae7, type: 3}
      propertyPath: m_LightmapTilingOffset.z
      value: .935546875
      objectReference: {fileID: 0}
    - target: {fileID: 2300006, guid: 202138bb82c74b34090ae757b3d0cae7, type: 3}
      propertyPath: m_LightmapTilingOffset.w
      value: 0
      objectReference: {fileID: 0}
    - target: {fileID: 2300004, guid: 202138bb82c74b34090ae757b3d0cae7, type: 3}
      propertyPath: m_LightmapIndex
      value: 0
      objectReference: {fileID: 0}
    - target: {fileID: 2300004, guid: 202138bb82c74b34090ae757b3d0cae7, type: 3}
      propertyPath: m_LightmapTilingOffset.x
      value: .029296875
      objectReference: {fileID: 0}
    - target: {fileID: 2300004, guid: 202138bb82c74b34090ae757b3d0cae7, type: 3}
      propertyPath: m_LightmapTilingOffset.y
      value: .029296875
      objectReference: {fileID: 0}
    - target: {fileID: 2300004, guid: 202138bb82c74b34090ae757b3d0cae7, type: 3}
      propertyPath: m_LightmapTilingOffset.z
      value: .966796875
      objectReference: {fileID: 0}
    - target: {fileID: 2300004, guid: 202138bb82c74b34090ae757b3d0cae7, type: 3}
      propertyPath: m_LightmapTilingOffset.w
      value: .03125
      objectReference: {fileID: 0}
    - target: {fileID: 2300002, guid: 202138bb82c74b34090ae757b3d0cae7, type: 3}
      propertyPath: m_LightmapIndex
      value: 0
      objectReference: {fileID: 0}
    - target: {fileID: 2300002, guid: 202138bb82c74b34090ae757b3d0cae7, type: 3}
      propertyPath: m_LightmapTilingOffset.x
      value: .029296875
      objectReference: {fileID: 0}
    - target: {fileID: 2300002, guid: 202138bb82c74b34090ae757b3d0cae7, type: 3}
      propertyPath: m_LightmapTilingOffset.y
      value: .029296875
      objectReference: {fileID: 0}
    - target: {fileID: 2300002, guid: 202138bb82c74b34090ae757b3d0cae7, type: 3}
      propertyPath: m_LightmapTilingOffset.z
      value: .966796875
      objectReference: {fileID: 0}
    - target: {fileID: 2300002, guid: 202138bb82c74b34090ae757b3d0cae7, type: 3}
      propertyPath: m_LightmapTilingOffset.w
      value: .0625
      objectReference: {fileID: 0}
    - target: {fileID: 2300000, guid: 202138bb82c74b34090ae757b3d0cae7, type: 3}
      propertyPath: m_LightmapIndex
      value: 0
      objectReference: {fileID: 0}
    - target: {fileID: 2300000, guid: 202138bb82c74b34090ae757b3d0cae7, type: 3}
      propertyPath: m_LightmapTilingOffset.x
      value: .029296875
      objectReference: {fileID: 0}
    - target: {fileID: 2300000, guid: 202138bb82c74b34090ae757b3d0cae7, type: 3}
      propertyPath: m_LightmapTilingOffset.y
      value: .029296875
      objectReference: {fileID: 0}
    - target: {fileID: 2300000, guid: 202138bb82c74b34090ae757b3d0cae7, type: 3}
      propertyPath: m_LightmapTilingOffset.z
      value: .935546875
      objectReference: {fileID: 0}
    - target: {fileID: 2300000, guid: 202138bb82c74b34090ae757b3d0cae7, type: 3}
      propertyPath: m_LightmapTilingOffset.w
      value: .09375
      objectReference: {fileID: 0}
    - target: {fileID: 400008, guid: 202138bb82c74b34090ae757b3d0cae7, type: 3}
      propertyPath: m_LocalPosition.x
      value: -.457061559
      objectReference: {fileID: 0}
    - target: {fileID: 400008, guid: 202138bb82c74b34090ae757b3d0cae7, type: 3}
      propertyPath: m_LocalPosition.z
      value: .797180116
      objectReference: {fileID: 0}
    - target: {fileID: 400006, guid: 202138bb82c74b34090ae757b3d0cae7, type: 3}
      propertyPath: m_LocalPosition.x
      value: -.706924438
      objectReference: {fileID: 0}
    - target: {fileID: 400006, guid: 202138bb82c74b34090ae757b3d0cae7, type: 3}
      propertyPath: m_LocalPosition.z
      value: .611154735
      objectReference: {fileID: 0}
    - target: {fileID: 400004, guid: 202138bb82c74b34090ae757b3d0cae7, type: 3}
      propertyPath: m_LocalPosition.x
      value: -.909216583
      objectReference: {fileID: 0}
    - target: {fileID: 400004, guid: 202138bb82c74b34090ae757b3d0cae7, type: 3}
      propertyPath: m_LocalPosition.z
      value: .527614355
      objectReference: {fileID: 0}
    - target: {fileID: 400002, guid: 202138bb82c74b34090ae757b3d0cae7, type: 3}
      propertyPath: m_LocalPosition.x
      value: -1.0996213
      objectReference: {fileID: 0}
    - target: {fileID: 400002, guid: 202138bb82c74b34090ae757b3d0cae7, type: 3}
      propertyPath: m_LocalPosition.z
      value: .516044378
      objectReference: {fileID: 0}
    - target: {fileID: 400008, guid: 202138bb82c74b34090ae757b3d0cae7, type: 3}
      propertyPath: m_LocalPosition.y
      value: 1.87158591e-07
      objectReference: {fileID: 0}
    - target: {fileID: 400006, guid: 202138bb82c74b34090ae757b3d0cae7, type: 3}
      propertyPath: m_LocalPosition.y
      value: 1.49011612e-07
      objectReference: {fileID: 0}
    - target: {fileID: 400004, guid: 202138bb82c74b34090ae757b3d0cae7, type: 3}
      propertyPath: m_LocalPosition.y
      value: .485837609
      objectReference: {fileID: 0}
    - target: {fileID: 400002, guid: 202138bb82c74b34090ae757b3d0cae7, type: 3}
      propertyPath: m_LocalPosition.y
      value: 1.49011612e-07
      objectReference: {fileID: 0}
    m_RemovedComponents: []
  m_ParentPrefab: {fileID: 100100000, guid: 202138bb82c74b34090ae757b3d0cae7, type: 3}
  m_RootGameObject: {fileID: 981411665}
  m_IsPrefabParent: 0
  m_IsExploded: 1
--- !u!1 &496678578
GameObject:
  m_ObjectHideFlags: 0
  m_PrefabParentObject: {fileID: 0}
  m_PrefabInternal: {fileID: 0}
  serializedVersion: 4
  m_Component:
  - 4: {fileID: 496678580}
  - 108: {fileID: 496678579}
  m_Layer: 0
  m_Name: Directional light
  m_TagString: Untagged
  m_Icon: {fileID: 0}
  m_NavMeshLayer: 0
  m_StaticEditorFlags: 0
  m_IsActive: 1
--- !u!108 &496678579
Light:
  m_ObjectHideFlags: 0
  m_PrefabParentObject: {fileID: 0}
  m_PrefabInternal: {fileID: 0}
  m_GameObject: {fileID: 496678578}
  m_Enabled: 1
  serializedVersion: 3
  m_Type: 1
  m_Color: {r: 1, g: .988235295, b: .917647064, a: 1}
  m_Intensity: .239999995
  m_Range: 10
  m_SpotAngle: 30
  m_CookieSize: 10
  m_Shadows:
    m_Type: 2
    m_Resolution: -1
    m_Strength: 1
    m_Bias: .0500000007
    m_Softness: 4
    m_SoftnessFade: 1
  m_Cookie: {fileID: 0}
  m_DrawHalo: 0
  m_ActuallyLightmapped: 1
  m_Flare: {fileID: 0}
  m_RenderMode: 0
  m_CullingMask:
    serializedVersion: 2
    m_Bits: 4294967295
  m_Lightmapping: 1
  m_ShadowSamples: 1
  m_ShadowRadius: 0
  m_ShadowAngle: 0
  m_IndirectIntensity: 1
  m_AreaSize: {x: 1, y: 1}
--- !u!4 &496678580
Transform:
  m_ObjectHideFlags: 0
  m_PrefabParentObject: {fileID: 0}
  m_PrefabInternal: {fileID: 0}
  m_GameObject: {fileID: 496678578}
  m_LocalRotation: {x: .311218828, y: .23900038, z: .11925368, w: .912030876}
  m_LocalPosition: {x: 18.5153122, y: 2.39040422, z: -13.1089993}
  m_LocalScale: {x: 1, y: 1, z: 1}
  m_Children: []
  m_Father: {fileID: 0}
  m_RootOrder: 3
--- !u!1 &506153574
GameObject:
  m_ObjectHideFlags: 0
  m_PrefabParentObject: {fileID: 100008, guid: 202138bb82c74b34090ae757b3d0cae7, type: 3}
  m_PrefabInternal: {fileID: 0}
  serializedVersion: 4
  m_Component:
  - 4: {fileID: 506153575}
  - 33: {fileID: 506153577}
  - 23: {fileID: 506153576}
  m_Layer: 0
  m_Name: Barrel-4
  m_TagString: Untagged
  m_Icon: {fileID: 0}
  m_NavMeshLayer: 0
  m_StaticEditorFlags: 4294967295
  m_IsActive: 1
--- !u!4 &506153575
Transform:
  m_ObjectHideFlags: 0
  m_PrefabParentObject: {fileID: 400008, guid: 202138bb82c74b34090ae757b3d0cae7, type: 3}
  m_PrefabInternal: {fileID: 0}
  m_GameObject: {fileID: 506153574}
  m_LocalRotation: {x: .124285072, y: -.696098506, z: -.696098685, w: -.12428502}
  m_LocalPosition: {x: -2.9881866, y: 4.17232513e-07, z: .666817963}
  m_LocalScale: {x: .0999999568, y: .0999999642, z: .0999999791}
  m_Children: []
  m_Father: {fileID: 981411666}
  m_RootOrder: 11
--- !u!23 &506153576
Renderer:
  m_ObjectHideFlags: 0
  m_PrefabParentObject: {fileID: 2300006, guid: 202138bb82c74b34090ae757b3d0cae7,
    type: 3}
  m_PrefabInternal: {fileID: 0}
  m_GameObject: {fileID: 506153574}
  m_Enabled: 1
  m_CastShadows: 1
  m_ReceiveShadows: 1
  m_LightmapIndex: 0
  m_LightmapTilingOffset: {x: .029296875, y: .029296875, z: .966796875, w: 0}
  m_Materials:
  - {fileID: 2100000, guid: 4df22e458844a9747a2f1d392dee9a46, type: 2}
  m_SubsetIndices: 
  m_StaticBatchRoot: {fileID: 0}
  m_UseLightProbes: 0
  m_LightProbeAnchor: {fileID: 0}
  m_ScaleInLightmap: 1
  m_SortingLayerID: 0
  m_SortingOrder: 0
--- !u!33 &506153577
MeshFilter:
  m_ObjectHideFlags: 0
  m_PrefabParentObject: {fileID: 3300006, guid: 202138bb82c74b34090ae757b3d0cae7,
    type: 3}
  m_PrefabInternal: {fileID: 0}
  m_GameObject: {fileID: 506153574}
  m_Mesh: {fileID: 4300002, guid: 202138bb82c74b34090ae757b3d0cae7, type: 3}
--- !u!1 &541387627
GameObject:
  m_ObjectHideFlags: 0
  m_PrefabParentObject: {fileID: 100006, guid: 19730c7ae7bbb22469e63650fa14f7d7, type: 3}
  m_PrefabInternal: {fileID: 0}
  serializedVersion: 4
  m_Component:
  - 4: {fileID: 541387628}
  - 33: {fileID: 541387630}
  - 23: {fileID: 541387629}
  m_Layer: 0
  m_Name: Container-3
  m_TagString: Untagged
  m_Icon: {fileID: 0}
  m_NavMeshLayer: 0
  m_StaticEditorFlags: 4294967295
  m_IsActive: 1
--- !u!4 &541387628
Transform:
  m_ObjectHideFlags: 0
  m_PrefabParentObject: {fileID: 400006, guid: 19730c7ae7bbb22469e63650fa14f7d7, type: 3}
  m_PrefabInternal: {fileID: 0}
  m_GameObject: {fileID: 541387627}
  m_LocalRotation: {x: -.484135985, y: .515376031, z: .515375912, w: .484135985}
  m_LocalPosition: {x: 9.4522543, y: 4.76837158e-07, z: .925866723}
  m_LocalScale: {x: .100000001, y: .100000001, z: .100000001}
  m_Children: []
  m_Father: {fileID: 1153341937}
  m_RootOrder: 6
--- !u!23 &541387629
Renderer:
  m_ObjectHideFlags: 0
  m_PrefabParentObject: {fileID: 2300004, guid: 19730c7ae7bbb22469e63650fa14f7d7,
    type: 3}
  m_PrefabInternal: {fileID: 0}
  m_GameObject: {fileID: 541387627}
  m_Enabled: 1
  m_CastShadows: 1
  m_ReceiveShadows: 1
  m_LightmapIndex: 0
  m_LightmapTilingOffset: {x: .224609375, y: .224609375, z: 0, w: .241210938}
  m_Materials:
  - {fileID: 2100000, guid: f0f079d1ac9e4d64aaaa37e2c26182a7, type: 2}
  m_SubsetIndices: 
  m_StaticBatchRoot: {fileID: 0}
  m_UseLightProbes: 0
  m_LightProbeAnchor: {fileID: 0}
  m_ScaleInLightmap: 1
  m_SortingLayerID: 0
  m_SortingOrder: 0
--- !u!33 &541387630
MeshFilter:
  m_ObjectHideFlags: 0
  m_PrefabParentObject: {fileID: 3300004, guid: 19730c7ae7bbb22469e63650fa14f7d7,
    type: 3}
  m_PrefabInternal: {fileID: 0}
  m_GameObject: {fileID: 541387627}
  m_Mesh: {fileID: 4300004, guid: 19730c7ae7bbb22469e63650fa14f7d7, type: 3}
--- !u!1001 &608666421
Prefab:
  m_ObjectHideFlags: 0
  serializedVersion: 2
  m_Modification:
    m_TransformParent: {fileID: 0}
    m_Modifications:
    - target: {fileID: 400000, guid: 19730c7ae7bbb22469e63650fa14f7d7, type: 3}
      propertyPath: m_LocalPosition.x
      value: 0
      objectReference: {fileID: 0}
    - target: {fileID: 400000, guid: 19730c7ae7bbb22469e63650fa14f7d7, type: 3}
      propertyPath: m_LocalPosition.y
      value: 0
      objectReference: {fileID: 0}
    - target: {fileID: 400000, guid: 19730c7ae7bbb22469e63650fa14f7d7, type: 3}
      propertyPath: m_LocalPosition.z
      value: 0
      objectReference: {fileID: 0}
    - target: {fileID: 400000, guid: 19730c7ae7bbb22469e63650fa14f7d7, type: 3}
      propertyPath: m_LocalRotation.x
      value: 0
      objectReference: {fileID: 0}
    - target: {fileID: 400000, guid: 19730c7ae7bbb22469e63650fa14f7d7, type: 3}
      propertyPath: m_LocalRotation.y
      value: 0
      objectReference: {fileID: 0}
    - target: {fileID: 400000, guid: 19730c7ae7bbb22469e63650fa14f7d7, type: 3}
      propertyPath: m_LocalRotation.z
      value: 0
      objectReference: {fileID: 0}
    - target: {fileID: 400000, guid: 19730c7ae7bbb22469e63650fa14f7d7, type: 3}
      propertyPath: m_LocalRotation.w
      value: 1
      objectReference: {fileID: 0}
    - target: {fileID: 400002, guid: 19730c7ae7bbb22469e63650fa14f7d7, type: 3}
      propertyPath: m_LocalPosition.z
      value: 2.06745601
      objectReference: {fileID: 0}
    - target: {fileID: 400002, guid: 19730c7ae7bbb22469e63650fa14f7d7, type: 3}
      propertyPath: m_LocalPosition.y
      value: -1.1920929e-07
      objectReference: {fileID: 0}
    - target: {fileID: 100006, guid: 19730c7ae7bbb22469e63650fa14f7d7, type: 3}
      propertyPath: m_StaticEditorFlags
      value: 4294967295
      objectReference: {fileID: 0}
    - target: {fileID: 100004, guid: 19730c7ae7bbb22469e63650fa14f7d7, type: 3}
      propertyPath: m_StaticEditorFlags
      value: 4294967295
      objectReference: {fileID: 0}
    - target: {fileID: 100002, guid: 19730c7ae7bbb22469e63650fa14f7d7, type: 3}
      propertyPath: m_StaticEditorFlags
      value: 4294967295
      objectReference: {fileID: 0}
    - target: {fileID: 100000, guid: 19730c7ae7bbb22469e63650fa14f7d7, type: 3}
      propertyPath: m_StaticEditorFlags
      value: 4294967295
      objectReference: {fileID: 0}
    - target: {fileID: 2300002, guid: 19730c7ae7bbb22469e63650fa14f7d7, type: 3}
      propertyPath: m_LightmapIndex
      value: 0
      objectReference: {fileID: 0}
    - target: {fileID: 2300002, guid: 19730c7ae7bbb22469e63650fa14f7d7, type: 3}
      propertyPath: m_LightmapTilingOffset.x
      value: .239257812
      objectReference: {fileID: 0}
    - target: {fileID: 2300002, guid: 19730c7ae7bbb22469e63650fa14f7d7, type: 3}
      propertyPath: m_LightmapTilingOffset.y
      value: .239257812
      objectReference: {fileID: 0}
    - target: {fileID: 2300002, guid: 19730c7ae7bbb22469e63650fa14f7d7, type: 3}
      propertyPath: m_LightmapTilingOffset.z
      value: .241210938
      objectReference: {fileID: 0}
    - target: {fileID: 2300000, guid: 19730c7ae7bbb22469e63650fa14f7d7, type: 3}
      propertyPath: m_LightmapIndex
      value: 0
      objectReference: {fileID: 0}
    - target: {fileID: 2300000, guid: 19730c7ae7bbb22469e63650fa14f7d7, type: 3}
      propertyPath: m_LightmapTilingOffset.x
      value: .177734375
      objectReference: {fileID: 0}
    - target: {fileID: 2300000, guid: 19730c7ae7bbb22469e63650fa14f7d7, type: 3}
      propertyPath: m_LightmapTilingOffset.y
      value: .177734375
      objectReference: {fileID: 0}
    - target: {fileID: 2300000, guid: 19730c7ae7bbb22469e63650fa14f7d7, type: 3}
      propertyPath: m_LightmapTilingOffset.z
      value: .2265625
      objectReference: {fileID: 0}
    - target: {fileID: 2300000, guid: 19730c7ae7bbb22469e63650fa14f7d7, type: 3}
      propertyPath: m_LightmapTilingOffset.w
      value: .420898438
      objectReference: {fileID: 0}
    - target: {fileID: 2300004, guid: 19730c7ae7bbb22469e63650fa14f7d7, type: 3}
      propertyPath: m_LightmapIndex
      value: 0
      objectReference: {fileID: 0}
    - target: {fileID: 2300004, guid: 19730c7ae7bbb22469e63650fa14f7d7, type: 3}
      propertyPath: m_LightmapTilingOffset.x
      value: .224609375
      objectReference: {fileID: 0}
    - target: {fileID: 2300004, guid: 19730c7ae7bbb22469e63650fa14f7d7, type: 3}
      propertyPath: m_LightmapTilingOffset.y
      value: .224609375
      objectReference: {fileID: 0}
    - target: {fileID: 2300004, guid: 19730c7ae7bbb22469e63650fa14f7d7, type: 3}
      propertyPath: m_LightmapTilingOffset.w
      value: 0
      objectReference: {fileID: 0}
    - target: {fileID: 2300004, guid: 19730c7ae7bbb22469e63650fa14f7d7, type: 3}
      propertyPath: m_LightmapTilingOffset.z
      value: .708984375
      objectReference: {fileID: 0}
    m_RemovedComponents: []
  m_ParentPrefab: {fileID: 100100000, guid: 19730c7ae7bbb22469e63650fa14f7d7, type: 3}
  m_RootGameObject: {fileID: 276569100}
  m_IsPrefabParent: 0
  m_IsExploded: 1
--- !u!1 &714740781
GameObject:
  m_ObjectHideFlags: 0
  m_PrefabParentObject: {fileID: 100002, guid: 19730c7ae7bbb22469e63650fa14f7d7, type: 3}
  m_PrefabInternal: {fileID: 0}
  serializedVersion: 4
  m_Component:
  - 4: {fileID: 714740782}
  - 33: {fileID: 714740784}
  - 23: {fileID: 714740783}
  m_Layer: 0
  m_Name: Container-1
  m_TagString: Untagged
  m_Icon: {fileID: 0}
  m_NavMeshLayer: 0
  m_StaticEditorFlags: 4294967295
  m_IsActive: 1
--- !u!4 &714740782
Transform:
  m_ObjectHideFlags: 0
  m_PrefabParentObject: {fileID: 400002, guid: 19730c7ae7bbb22469e63650fa14f7d7, type: 3}
  m_PrefabInternal: {fileID: 0}
  m_GameObject: {fileID: 714740781}
  m_LocalRotation: {x: 0, y: -.707106829, z: -.707106829, w: 0}
  m_LocalPosition: {x: 10.0871992, y: 1.49023128, z: -3.45878744}
  m_LocalScale: {x: .100000001, y: .100000001, z: .100000001}
  m_Children: []
  m_Father: {fileID: 1153341937}
  m_RootOrder: 0
--- !u!23 &714740783
Renderer:
  m_ObjectHideFlags: 0
  m_PrefabParentObject: {fileID: 2300000, guid: 19730c7ae7bbb22469e63650fa14f7d7,
    type: 3}
  m_PrefabInternal: {fileID: 0}
  m_GameObject: {fileID: 714740781}
  m_Enabled: 1
  m_CastShadows: 1
  m_ReceiveShadows: 1
  m_LightmapIndex: 0
  m_LightmapTilingOffset: {x: .177734375, y: .177734375, z: .2265625, w: .600585938}
  m_Materials:
  - {fileID: 2100000, guid: f9843a57b7ba4af4485da0b13f7b458d, type: 2}
  m_SubsetIndices: 
  m_StaticBatchRoot: {fileID: 0}
  m_UseLightProbes: 0
  m_LightProbeAnchor: {fileID: 0}
  m_ScaleInLightmap: 1
  m_SortingLayerID: 0
  m_SortingOrder: 0
--- !u!33 &714740784
MeshFilter:
  m_ObjectHideFlags: 0
  m_PrefabParentObject: {fileID: 3300000, guid: 19730c7ae7bbb22469e63650fa14f7d7,
    type: 3}
  m_PrefabInternal: {fileID: 0}
  m_GameObject: {fileID: 714740781}
  m_Mesh: {fileID: 4300000, guid: 19730c7ae7bbb22469e63650fa14f7d7, type: 3}
--- !u!1 &853898024
GameObject:
  m_ObjectHideFlags: 0
  m_PrefabParentObject: {fileID: 100002, guid: 19730c7ae7bbb22469e63650fa14f7d7, type: 3}
  m_PrefabInternal: {fileID: 608666421}
  serializedVersion: 4
  m_Component:
  - 4: {fileID: 853898027}
  - 33: {fileID: 853898026}
  - 23: {fileID: 853898025}
  m_Layer: 0
  m_Name: Container-1
  m_TagString: Untagged
  m_Icon: {fileID: 0}
  m_NavMeshLayer: 0
  m_StaticEditorFlags: 4294967295
  m_IsActive: 1
--- !u!23 &853898025
Renderer:
  m_ObjectHideFlags: 0
  m_PrefabParentObject: {fileID: 2300000, guid: 19730c7ae7bbb22469e63650fa14f7d7,
    type: 3}
  m_PrefabInternal: {fileID: 608666421}
  m_GameObject: {fileID: 853898024}
  m_Enabled: 1
  m_CastShadows: 1
  m_ReceiveShadows: 1
  m_LightmapIndex: 0
  m_LightmapTilingOffset: {x: .177734375, y: .177734375, z: .2265625, w: .420898438}
  m_Materials:
  - {fileID: 2100000, guid: ac8e974c1d72c3b48ada36a9c3122f22, type: 2}
  m_SubsetIndices: 
  m_StaticBatchRoot: {fileID: 0}
  m_UseLightProbes: 0
  m_LightProbeAnchor: {fileID: 0}
  m_ScaleInLightmap: 1
  m_SortingLayerID: 0
  m_SortingOrder: 0
--- !u!33 &853898026
MeshFilter:
  m_ObjectHideFlags: 0
  m_PrefabParentObject: {fileID: 3300000, guid: 19730c7ae7bbb22469e63650fa14f7d7,
    type: 3}
  m_PrefabInternal: {fileID: 608666421}
  m_GameObject: {fileID: 853898024}
  m_Mesh: {fileID: 4300000, guid: 19730c7ae7bbb22469e63650fa14f7d7, type: 3}
--- !u!4 &853898027
Transform:
  m_ObjectHideFlags: 0
  m_PrefabParentObject: {fileID: 400002, guid: 19730c7ae7bbb22469e63650fa14f7d7, type: 3}
  m_PrefabInternal: {fileID: 608666421}
  m_GameObject: {fileID: 853898024}
  m_LocalRotation: {x: -.707106829, y: 0, z: -0, w: .707106829}
  m_LocalPosition: {x: 0, y: -1.1920929e-07, z: 2.06745601}
  m_LocalScale: {x: .100000001, y: .100000001, z: .100000001}
  m_Children: []
  m_Father: {fileID: 276569101}
  m_RootOrder: 0
--- !u!1 &900276745
GameObject:
  m_ObjectHideFlags: 0
  m_PrefabParentObject: {fileID: 100008, guid: 202138bb82c74b34090ae757b3d0cae7, type: 3}
  m_PrefabInternal: {fileID: 374886514}
  serializedVersion: 4
  m_Component:
  - 4: {fileID: 900276746}
  - 33: {fileID: 900276748}
  - 23: {fileID: 900276747}
  m_Layer: 0
  m_Name: Barrel-4
  m_TagString: Untagged
  m_Icon: {fileID: 0}
  m_NavMeshLayer: 0
  m_StaticEditorFlags: 4294967295
  m_IsActive: 1
--- !u!4 &900276746
Transform:
  m_ObjectHideFlags: 0
  m_PrefabParentObject: {fileID: 400008, guid: 202138bb82c74b34090ae757b3d0cae7, type: 3}
  m_PrefabInternal: {fileID: 374886514}
  m_GameObject: {fileID: 900276745}
  m_LocalRotation: {x: -.707106829, y: 0, z: -0, w: .707106829}
  m_LocalPosition: {x: -.457061559, y: 1.87158591e-07, z: .797180116}
  m_LocalScale: {x: .100000001, y: .100000001, z: .100000001}
  m_Children: []
  m_Father: {fileID: 981411666}
  m_RootOrder: 3
--- !u!23 &900276747
Renderer:
  m_ObjectHideFlags: 0
  m_PrefabParentObject: {fileID: 2300006, guid: 202138bb82c74b34090ae757b3d0cae7,
    type: 3}
  m_PrefabInternal: {fileID: 374886514}
  m_GameObject: {fileID: 900276745}
  m_Enabled: 1
  m_CastShadows: 1
  m_ReceiveShadows: 1
  m_LightmapIndex: 0
  m_LightmapTilingOffset: {x: .029296875, y: .029296875, z: .935546875, w: 0}
  m_Materials:
  - {fileID: 2100000, guid: 4df22e458844a9747a2f1d392dee9a46, type: 2}
  m_SubsetIndices: 
  m_StaticBatchRoot: {fileID: 0}
  m_UseLightProbes: 0
  m_LightProbeAnchor: {fileID: 0}
  m_ScaleInLightmap: 1
  m_SortingLayerID: 0
  m_SortingOrder: 0
--- !u!33 &900276748
MeshFilter:
  m_ObjectHideFlags: 0
  m_PrefabParentObject: {fileID: 3300006, guid: 202138bb82c74b34090ae757b3d0cae7,
    type: 3}
  m_PrefabInternal: {fileID: 374886514}
  m_GameObject: {fileID: 900276745}
  m_Mesh: {fileID: 4300002, guid: 202138bb82c74b34090ae757b3d0cae7, type: 3}
--- !u!1 &981411665
GameObject:
  m_ObjectHideFlags: 0
  m_PrefabParentObject: {fileID: 100000, guid: 202138bb82c74b34090ae757b3d0cae7, type: 3}
  m_PrefabInternal: {fileID: 374886514}
  serializedVersion: 4
  m_Component:
  - 4: {fileID: 981411666}
  - 95: {fileID: 981411667}
  m_Layer: 0
  m_Name: Barrel
  m_TagString: Untagged
  m_Icon: {fileID: 0}
  m_NavMeshLayer: 0
  m_StaticEditorFlags: 4294967295
  m_IsActive: 1
--- !u!4 &981411666
Transform:
  m_ObjectHideFlags: 0
  m_PrefabParentObject: {fileID: 400000, guid: 202138bb82c74b34090ae757b3d0cae7, type: 3}
  m_PrefabInternal: {fileID: 374886514}
  m_GameObject: {fileID: 981411665}
  m_LocalRotation: {x: 0, y: -.761122584, z: 0, w: .648608148}
  m_LocalPosition: {x: -1.98939359, y: 0, z: .716098666}
  m_LocalScale: {x: 1, y: 1, z: 1}
  m_Children:
  - {fileID: 1749869242}
  - {fileID: 1629894048}
  - {fileID: 2118633921}
  - {fileID: 900276746}
  - {fileID: 1665942991}
  - {fileID: 356923650}
  - {fileID: 1111390609}
  - {fileID: 1206945926}
  - {fileID: 1547894818}
  - {fileID: 1708100280}
  - {fileID: 18425347}
  - {fileID: 506153575}
  m_Father: {fileID: 0}
  m_RootOrder: 1
--- !u!95 &981411667
Animator:
  serializedVersion: 3
  m_ObjectHideFlags: 0
  m_PrefabParentObject: {fileID: 9500000, guid: 202138bb82c74b34090ae757b3d0cae7,
    type: 3}
  m_PrefabInternal: {fileID: 374886514}
  m_GameObject: {fileID: 981411665}
  m_Enabled: 1
  m_Avatar: {fileID: 9000000, guid: 202138bb82c74b34090ae757b3d0cae7, type: 3}
  m_Controller: {fileID: 0}
  m_CullingMode: 0
  m_UpdateMode: 0
  m_ApplyRootMotion: 1
  m_HasTransformHierarchy: 1
  m_AllowConstantClipSamplingOptimization: 1
--- !u!1 &1087485577
GameObject:
  m_ObjectHideFlags: 0
  m_PrefabParentObject: {fileID: 100004, guid: 19730c7ae7bbb22469e63650fa14f7d7, type: 3}
  m_PrefabInternal: {fileID: 608666421}
  serializedVersion: 4
  m_Component:
  - 4: {fileID: 1087485578}
  - 33: {fileID: 1087485580}
  - 23: {fileID: 1087485579}
  m_Layer: 0
  m_Name: Container-2
  m_TagString: Untagged
  m_Icon: {fileID: 0}
  m_NavMeshLayer: 0
  m_StaticEditorFlags: 4294967295
  m_IsActive: 1
--- !u!4 &1087485578
Transform:
  m_ObjectHideFlags: 0
  m_PrefabParentObject: {fileID: 400004, guid: 19730c7ae7bbb22469e63650fa14f7d7, type: 3}
  m_PrefabInternal: {fileID: 608666421}
  m_GameObject: {fileID: 1087485577}
  m_LocalRotation: {x: -1.37678782e-07, y: .707106829, z: .707106829, w: 1.37678782e-07}
  m_LocalPosition: {x: 0, y: 0, z: -.0975885019}
  m_LocalScale: {x: .100000001, y: .100000001, z: .100000001}
  m_Children: []
  m_Father: {fileID: 276569101}
  m_RootOrder: 1
--- !u!23 &1087485579
Renderer:
  m_ObjectHideFlags: 0
  m_PrefabParentObject: {fileID: 2300002, guid: 19730c7ae7bbb22469e63650fa14f7d7,
    type: 3}
  m_PrefabInternal: {fileID: 608666421}
  m_GameObject: {fileID: 1087485577}
  m_Enabled: 1
  m_CastShadows: 1
  m_ReceiveShadows: 1
  m_LightmapIndex: 0
  m_LightmapTilingOffset: {x: .239257812, y: .239257812, z: .241210938, w: 0}
  m_Materials:
  - {fileID: 2100000, guid: ac8e974c1d72c3b48ada36a9c3122f22, type: 2}
  m_SubsetIndices: 
  m_StaticBatchRoot: {fileID: 0}
  m_UseLightProbes: 0
  m_LightProbeAnchor: {fileID: 0}
  m_ScaleInLightmap: 1
  m_SortingLayerID: 0
  m_SortingOrder: 0
--- !u!33 &1087485580
MeshFilter:
  m_ObjectHideFlags: 0
  m_PrefabParentObject: {fileID: 3300002, guid: 19730c7ae7bbb22469e63650fa14f7d7,
    type: 3}
  m_PrefabInternal: {fileID: 608666421}
  m_GameObject: {fileID: 1087485577}
  m_Mesh: {fileID: 4300002, guid: 19730c7ae7bbb22469e63650fa14f7d7, type: 3}
--- !u!1 &1111390608
GameObject:
  m_ObjectHideFlags: 0
  m_PrefabParentObject: {fileID: 100002, guid: 202138bb82c74b34090ae757b3d0cae7, type: 3}
  m_PrefabInternal: {fileID: 0}
  serializedVersion: 4
  m_Component:
  - 4: {fileID: 1111390609}
  - 33: {fileID: 1111390611}
  - 23: {fileID: 1111390610}
  m_Layer: 0
  m_Name: Barrel-1
  m_TagString: Untagged
  m_Icon: {fileID: 0}
  m_NavMeshLayer: 0
  m_StaticEditorFlags: 4294967295
  m_IsActive: 1
--- !u!4 &1111390609
Transform:
  m_ObjectHideFlags: 0
  m_PrefabParentObject: {fileID: 400002, guid: 202138bb82c74b34090ae757b3d0cae7, type: 3}
  m_PrefabInternal: {fileID: 0}
  m_GameObject: {fileID: 1111390608}
  m_LocalRotation: {x: -.232703671, y: -.667719245, z: -.667719305, w: .232703909}
  m_LocalPosition: {x: -4.13069201, y: .0131234825, z: -.128762707}
  m_LocalScale: {x: .0999999866, y: .0999999791, z: .0999999866}
  m_Children: []
  m_Father: {fileID: 981411666}
  m_RootOrder: 6
--- !u!23 &1111390610
Renderer:
  m_ObjectHideFlags: 0
  m_PrefabParentObject: {fileID: 2300000, guid: 202138bb82c74b34090ae757b3d0cae7,
    type: 3}
  m_PrefabInternal: {fileID: 0}
  m_GameObject: {fileID: 1111390608}
  m_Enabled: 1
  m_CastShadows: 1
  m_ReceiveShadows: 1
  m_LightmapIndex: 0
  m_LightmapTilingOffset: {x: .029296875, y: .029296875, z: .935546875, w: .15625}
  m_Materials:
  - {fileID: 2100000, guid: 4df22e458844a9747a2f1d392dee9a46, type: 2}
  m_SubsetIndices: 
  m_StaticBatchRoot: {fileID: 0}
  m_UseLightProbes: 0
  m_LightProbeAnchor: {fileID: 0}
  m_ScaleInLightmap: 1
  m_SortingLayerID: 0
  m_SortingOrder: 0
--- !u!33 &1111390611
MeshFilter:
  m_ObjectHideFlags: 0
  m_PrefabParentObject: {fileID: 3300000, guid: 202138bb82c74b34090ae757b3d0cae7,
    type: 3}
  m_PrefabInternal: {fileID: 0}
  m_GameObject: {fileID: 1111390608}
  m_Mesh: {fileID: 4300000, guid: 202138bb82c74b34090ae757b3d0cae7, type: 3}
--- !u!1 &1153341936
GameObject:
  m_ObjectHideFlags: 0
  m_PrefabParentObject: {fileID: 100000, guid: 19730c7ae7bbb22469e63650fa14f7d7, type: 3}
  m_PrefabInternal: {fileID: 0}
  serializedVersion: 4
  m_Component:
  - 4: {fileID: 1153341937}
  - 95: {fileID: 1153341938}
  m_Layer: 0
  m_Name: Container
  m_TagString: Untagged
  m_Icon: {fileID: 0}
  m_NavMeshLayer: 0
  m_StaticEditorFlags: 4294967295
  m_IsActive: 1
--- !u!4 &1153341937
Transform:
  m_ObjectHideFlags: 0
  m_PrefabParentObject: {fileID: 400000, guid: 19730c7ae7bbb22469e63650fa14f7d7, type: 3}
  m_PrefabInternal: {fileID: 0}
  m_GameObject: {fileID: 1153341936}
  m_LocalRotation: {x: 0, y: 0, z: 0, w: 1}
  m_LocalPosition: {x: 0, y: 0, z: 0}
  m_LocalScale: {x: 1, y: 1, z: 1}
  m_Children:
  - {fileID: 714740782}
  - {fileID: 1739097519}
  - {fileID: 2042584476}
  - {fileID: 1642341184}
  - {fileID: 2096956969}
  - {fileID: 1656470327}
  - {fileID: 541387628}
  m_Father: {fileID: 0}
  m_RootOrder: 2
--- !u!95 &1153341938
Animator:
  serializedVersion: 3
  m_ObjectHideFlags: 0
  m_PrefabParentObject: {fileID: 9500000, guid: 19730c7ae7bbb22469e63650fa14f7d7,
    type: 3}
  m_PrefabInternal: {fileID: 0}
  m_GameObject: {fileID: 1153341936}
  m_Enabled: 1
  m_Avatar: {fileID: 9000000, guid: 19730c7ae7bbb22469e63650fa14f7d7, type: 3}
  m_Controller: {fileID: 0}
  m_CullingMode: 1
  m_UpdateMode: 0
  m_ApplyRootMotion: 1
  m_HasTransformHierarchy: 1
  m_AllowConstantClipSamplingOptimization: 1
--- !u!1 &1206945925
GameObject:
  m_ObjectHideFlags: 0
  m_PrefabParentObject: {fileID: 100002, guid: 202138bb82c74b34090ae757b3d0cae7, type: 3}
  m_PrefabInternal: {fileID: 0}
  serializedVersion: 4
  m_Component:
  - 4: {fileID: 1206945926}
  - 33: {fileID: 1206945928}
  - 23: {fileID: 1206945927}
  m_Layer: 0
  m_Name: Barrel-1
  m_TagString: Untagged
  m_Icon: {fileID: 0}
  m_NavMeshLayer: 0
  m_StaticEditorFlags: 4294967295
  m_IsActive: 1
--- !u!4 &1206945926
Transform:
  m_ObjectHideFlags: 0
  m_PrefabParentObject: {fileID: 400002, guid: 202138bb82c74b34090ae757b3d0cae7, type: 3}
  m_PrefabInternal: {fileID: 0}
  m_GameObject: {fileID: 1206945925}
  m_LocalRotation: {x: -.707106829, y: -2.29045384e-07, z: -2.29045384e-07, w: .707106829}
  m_LocalPosition: {x: -2.38296127, y: 0, z: -3.08586836}
  m_LocalScale: {x: .0999999866, y: .0999999791, z: .0999999866}
  m_Children: []
  m_Father: {fileID: 981411666}
  m_RootOrder: 7
--- !u!23 &1206945927
Renderer:
  m_ObjectHideFlags: 0
  m_PrefabParentObject: {fileID: 2300000, guid: 202138bb82c74b34090ae757b3d0cae7,
    type: 3}
  m_PrefabInternal: {fileID: 0}
  m_GameObject: {fileID: 1206945925}
  m_Enabled: 1
  m_CastShadows: 1
  m_ReceiveShadows: 1
  m_LightmapIndex: 0
  m_LightmapTilingOffset: {x: .029296875, y: .029296875, z: .966796875, w: .125}
  m_Materials:
  - {fileID: 2100000, guid: 4df22e458844a9747a2f1d392dee9a46, type: 2}
  m_SubsetIndices: 
  m_StaticBatchRoot: {fileID: 0}
  m_UseLightProbes: 0
  m_LightProbeAnchor: {fileID: 0}
  m_ScaleInLightmap: 1
  m_SortingLayerID: 0
  m_SortingOrder: 0
--- !u!33 &1206945928
MeshFilter:
  m_ObjectHideFlags: 0
  m_PrefabParentObject: {fileID: 3300000, guid: 202138bb82c74b34090ae757b3d0cae7,
    type: 3}
  m_PrefabInternal: {fileID: 0}
  m_GameObject: {fileID: 1206945925}
  m_Mesh: {fileID: 4300000, guid: 202138bb82c74b34090ae757b3d0cae7, type: 3}
--- !u!1 &1477957781
GameObject:
  m_ObjectHideFlags: 0
  m_PrefabParentObject: {fileID: 100006, guid: 19730c7ae7bbb22469e63650fa14f7d7, type: 3}
  m_PrefabInternal: {fileID: 608666421}
  serializedVersion: 4
  m_Component:
  - 4: {fileID: 1477957782}
  - 33: {fileID: 1477957784}
  - 23: {fileID: 1477957783}
  m_Layer: 0
  m_Name: Container-3
  m_TagString: Untagged
  m_Icon: {fileID: 0}
  m_NavMeshLayer: 0
  m_StaticEditorFlags: 4294967295
  m_IsActive: 1
--- !u!4 &1477957782
Transform:
  m_ObjectHideFlags: 0
  m_PrefabParentObject: {fileID: 400006, guid: 19730c7ae7bbb22469e63650fa14f7d7, type: 3}
  m_PrefabInternal: {fileID: 608666421}
  m_GameObject: {fileID: 1477957781}
  m_LocalRotation: {x: -.707106829, y: 0, z: -0, w: .707106829}
  m_LocalPosition: {x: 0, y: 0, z: -2.86247754}
  m_LocalScale: {x: .100000001, y: .100000001, z: .100000001}
  m_Children: []
  m_Father: {fileID: 276569101}
  m_RootOrder: 2
--- !u!23 &1477957783
Renderer:
  m_ObjectHideFlags: 0
  m_PrefabParentObject: {fileID: 2300004, guid: 19730c7ae7bbb22469e63650fa14f7d7,
    type: 3}
  m_PrefabInternal: {fileID: 608666421}
  m_GameObject: {fileID: 1477957781}
  m_Enabled: 1
  m_CastShadows: 1
  m_ReceiveShadows: 1
  m_LightmapIndex: 0
  m_LightmapTilingOffset: {x: .224609375, y: .224609375, z: .708984375, w: 0}
  m_Materials:
  - {fileID: 2100000, guid: ac8e974c1d72c3b48ada36a9c3122f22, type: 2}
  m_SubsetIndices: 
  m_StaticBatchRoot: {fileID: 0}
  m_UseLightProbes: 0
  m_LightProbeAnchor: {fileID: 0}
  m_ScaleInLightmap: 1
  m_SortingLayerID: 0
  m_SortingOrder: 0
--- !u!33 &1477957784
MeshFilter:
  m_ObjectHideFlags: 0
  m_PrefabParentObject: {fileID: 3300004, guid: 19730c7ae7bbb22469e63650fa14f7d7,
    type: 3}
  m_PrefabInternal: {fileID: 608666421}
  m_GameObject: {fileID: 1477957781}
  m_Mesh: {fileID: 4300004, guid: 19730c7ae7bbb22469e63650fa14f7d7, type: 3}
--- !u!1 &1547894817
GameObject:
  m_ObjectHideFlags: 0
  m_PrefabParentObject: {fileID: 100002, guid: 202138bb82c74b34090ae757b3d0cae7, type: 3}
  m_PrefabInternal: {fileID: 0}
  serializedVersion: 4
  m_Component:
  - 4: {fileID: 1547894818}
  - 33: {fileID: 1547894820}
  - 23: {fileID: 1547894819}
  m_Layer: 0
  m_Name: Barrel-1
  m_TagString: Untagged
  m_Icon: {fileID: 0}
  m_NavMeshLayer: 0
  m_StaticEditorFlags: 4294967295
  m_IsActive: 1
--- !u!4 &1547894818
Transform:
  m_ObjectHideFlags: 0
  m_PrefabParentObject: {fileID: 400002, guid: 202138bb82c74b34090ae757b3d0cae7, type: 3}
  m_PrefabInternal: {fileID: 0}
  m_GameObject: {fileID: 1547894817}
  m_LocalRotation: {x: -.707106829, y: -2.29045384e-07, z: -2.29045384e-07, w: .707106829}
  m_LocalPosition: {x: -2.65212822, y: 3.27825546e-07, z: -1.52925098}
  m_LocalScale: {x: .0999999866, y: .0999999791, z: .0999999866}
  m_Children: []
  m_Father: {fileID: 981411666}
  m_RootOrder: 8
--- !u!23 &1547894819
Renderer:
  m_ObjectHideFlags: 0
  m_PrefabParentObject: {fileID: 2300000, guid: 202138bb82c74b34090ae757b3d0cae7,
    type: 3}
  m_PrefabInternal: {fileID: 0}
  m_GameObject: {fileID: 1547894817}
  m_Enabled: 1
  m_CastShadows: 1
  m_ReceiveShadows: 1
  m_LightmapIndex: 0
  m_LightmapTilingOffset: {x: .029296875, y: .029296875, z: .935546875, w: .125}
  m_Materials:
  - {fileID: 2100000, guid: 4df22e458844a9747a2f1d392dee9a46, type: 2}
  m_SubsetIndices: 
  m_StaticBatchRoot: {fileID: 0}
  m_UseLightProbes: 0
  m_LightProbeAnchor: {fileID: 0}
  m_ScaleInLightmap: 1
  m_SortingLayerID: 0
  m_SortingOrder: 0
--- !u!33 &1547894820
MeshFilter:
  m_ObjectHideFlags: 0
  m_PrefabParentObject: {fileID: 3300000, guid: 202138bb82c74b34090ae757b3d0cae7,
    type: 3}
  m_PrefabInternal: {fileID: 0}
  m_GameObject: {fileID: 1547894817}
  m_Mesh: {fileID: 4300000, guid: 202138bb82c74b34090ae757b3d0cae7, type: 3}
--- !u!1 &1629894047
GameObject:
  m_ObjectHideFlags: 0
  m_PrefabParentObject: {fileID: 100004, guid: 202138bb82c74b34090ae757b3d0cae7, type: 3}
  m_PrefabInternal: {fileID: 374886514}
  serializedVersion: 4
  m_Component:
  - 4: {fileID: 1629894048}
  - 33: {fileID: 1629894050}
  - 23: {fileID: 1629894049}
  m_Layer: 0
  m_Name: Barrel-2
  m_TagString: Untagged
  m_Icon: {fileID: 0}
  m_NavMeshLayer: 0
  m_StaticEditorFlags: 4294967295
  m_IsActive: 1
--- !u!4 &1629894048
Transform:
  m_ObjectHideFlags: 0
  m_PrefabParentObject: {fileID: 400004, guid: 202138bb82c74b34090ae757b3d0cae7, type: 3}
  m_PrefabInternal: {fileID: 374886514}
  m_GameObject: {fileID: 1629894047}
  m_LocalRotation: {x: -.707106829, y: 0, z: -0, w: .707106829}
  m_LocalPosition: {x: -.909216583, y: .485837609, z: .527614355}
  m_LocalScale: {x: .100000001, y: .100000001, z: .100000001}
  m_Children: []
  m_Father: {fileID: 981411666}
  m_RootOrder: 1
--- !u!23 &1629894049
Renderer:
  m_ObjectHideFlags: 0
  m_PrefabParentObject: {fileID: 2300002, guid: 202138bb82c74b34090ae757b3d0cae7,
    type: 3}
  m_PrefabInternal: {fileID: 374886514}
  m_GameObject: {fileID: 1629894047}
  m_Enabled: 1
  m_CastShadows: 1
  m_ReceiveShadows: 1
  m_LightmapIndex: 0
  m_LightmapTilingOffset: {x: .029296875, y: .029296875, z: .966796875, w: .0625}
  m_Materials:
  - {fileID: 2100000, guid: 4df22e458844a9747a2f1d392dee9a46, type: 2}
  m_SubsetIndices: 
  m_StaticBatchRoot: {fileID: 0}
  m_UseLightProbes: 0
  m_LightProbeAnchor: {fileID: 0}
  m_ScaleInLightmap: 1
  m_SortingLayerID: 0
  m_SortingOrder: 0
--- !u!33 &1629894050
MeshFilter:
  m_ObjectHideFlags: 0
  m_PrefabParentObject: {fileID: 3300002, guid: 202138bb82c74b34090ae757b3d0cae7,
    type: 3}
  m_PrefabInternal: {fileID: 374886514}
  m_GameObject: {fileID: 1629894047}
  m_Mesh: {fileID: 4300006, guid: 202138bb82c74b34090ae757b3d0cae7, type: 3}
--- !u!1 &1642341181
GameObject:
  m_ObjectHideFlags: 0
  m_PrefabParentObject: {fileID: 100002, guid: 19730c7ae7bbb22469e63650fa14f7d7, type: 3}
  m_PrefabInternal: {fileID: 0}
  serializedVersion: 4
  m_Component:
  - 4: {fileID: 1642341184}
  - 33: {fileID: 1642341183}
  - 23: {fileID: 1642341182}
  m_Layer: 0
  m_Name: Container-1
  m_TagString: Untagged
  m_Icon: {fileID: 0}
  m_NavMeshLayer: 0
  m_StaticEditorFlags: 4294967295
  m_IsActive: 1
--- !u!23 &1642341182
Renderer:
  m_ObjectHideFlags: 0
  m_PrefabParentObject: {fileID: 2300000, guid: 19730c7ae7bbb22469e63650fa14f7d7,
    type: 3}
  m_PrefabInternal: {fileID: 0}
  m_GameObject: {fileID: 1642341181}
  m_Enabled: 1
  m_CastShadows: 1
  m_ReceiveShadows: 1
  m_LightmapIndex: 0
  m_LightmapTilingOffset: {x: .177734375, y: .177734375, z: .2265625, w: .241210938}
  m_Materials:
  - {fileID: 2100000, guid: f0f079d1ac9e4d64aaaa37e2c26182a7, type: 2}
  m_SubsetIndices: 
  m_StaticBatchRoot: {fileID: 0}
  m_UseLightProbes: 0
  m_LightProbeAnchor: {fileID: 0}
  m_ScaleInLightmap: 1
  m_SortingLayerID: 0
  m_SortingOrder: 0
--- !u!33 &1642341183
MeshFilter:
  m_ObjectHideFlags: 0
  m_PrefabParentObject: {fileID: 3300000, guid: 19730c7ae7bbb22469e63650fa14f7d7,
    type: 3}
  m_PrefabInternal: {fileID: 0}
  m_GameObject: {fileID: 1642341181}
  m_Mesh: {fileID: 4300000, guid: 19730c7ae7bbb22469e63650fa14f7d7, type: 3}
--- !u!4 &1642341184
Transform:
  m_ObjectHideFlags: 0
  m_PrefabParentObject: {fileID: 400002, guid: 19730c7ae7bbb22469e63650fa14f7d7, type: 3}
  m_PrefabInternal: {fileID: 0}
  m_GameObject: {fileID: 1642341181}
  m_LocalRotation: {x: -.707106829, y: 0, z: 0, w: .707106829}
  m_LocalPosition: {x: 0, y: 1.49023128, z: 1.07661748}
  m_LocalScale: {x: .100000001, y: .100000001, z: .100000001}
  m_Children: []
  m_Father: {fileID: 1153341937}
  m_RootOrder: 3
--- !u!1 &1656470326
GameObject:
  m_ObjectHideFlags: 0
  m_PrefabParentObject: {fileID: 100006, guid: 19730c7ae7bbb22469e63650fa14f7d7, type: 3}
  m_PrefabInternal: {fileID: 0}
  serializedVersion: 4
  m_Component:
  - 4: {fileID: 1656470327}
  - 33: {fileID: 1656470329}
  - 23: {fileID: 1656470328}
  m_Layer: 0
  m_Name: Container-3
  m_TagString: Untagged
  m_Icon: {fileID: 0}
  m_NavMeshLayer: 0
  m_StaticEditorFlags: 4294967295
  m_IsActive: 1
--- !u!4 &1656470327
Transform:
  m_ObjectHideFlags: 0
  m_PrefabParentObject: {fileID: 400006, guid: 19730c7ae7bbb22469e63650fa14f7d7, type: 3}
  m_PrefabInternal: {fileID: 0}
  m_GameObject: {fileID: 1656470326}
  m_LocalRotation: {x: -.707106829, y: 0, z: 0, w: .707106829}
  m_LocalPosition: {x: 9.39757252, y: 2.98023224e-07, z: -4.09488487}
  m_LocalScale: {x: .100000001, y: .100000001, z: .100000001}
  m_Children: []
  m_Father: {fileID: 1153341937}
  m_RootOrder: 5
--- !u!23 &1656470328
Renderer:
  m_ObjectHideFlags: 0
  m_PrefabParentObject: {fileID: 2300004, guid: 19730c7ae7bbb22469e63650fa14f7d7,
    type: 3}
  m_PrefabInternal: {fileID: 0}
  m_GameObject: {fileID: 1656470326}
  m_Enabled: 1
  m_CastShadows: 1
  m_ReceiveShadows: 1
  m_LightmapIndex: 0
  m_LightmapTilingOffset: {x: .224609375, y: .224609375, z: .482421875, w: 0}
  m_Materials:
  - {fileID: 2100000, guid: f0f079d1ac9e4d64aaaa37e2c26182a7, type: 2}
  m_SubsetIndices: 
  m_StaticBatchRoot: {fileID: 0}
  m_UseLightProbes: 0
  m_LightProbeAnchor: {fileID: 0}
  m_ScaleInLightmap: 1
  m_SortingLayerID: 0
  m_SortingOrder: 0
--- !u!33 &1656470329
MeshFilter:
  m_ObjectHideFlags: 0
  m_PrefabParentObject: {fileID: 3300004, guid: 19730c7ae7bbb22469e63650fa14f7d7,
    type: 3}
  m_PrefabInternal: {fileID: 0}
  m_GameObject: {fileID: 1656470326}
  m_Mesh: {fileID: 4300004, guid: 19730c7ae7bbb22469e63650fa14f7d7, type: 3}
--- !u!1 &1665942990
GameObject:
  m_ObjectHideFlags: 0
  m_PrefabParentObject: {fileID: 100002, guid: 202138bb82c74b34090ae757b3d0cae7, type: 3}
  m_PrefabInternal: {fileID: 0}
  serializedVersion: 4
  m_Component:
  - 4: {fileID: 1665942991}
  - 33: {fileID: 1665942993}
  - 23: {fileID: 1665942992}
  m_Layer: 0
  m_Name: Barrel-1
  m_TagString: Untagged
  m_Icon: {fileID: 0}
  m_NavMeshLayer: 0
  m_StaticEditorFlags: 4294967295
  m_IsActive: 1
--- !u!4 &1665942991
Transform:
  m_ObjectHideFlags: 0
  m_PrefabParentObject: {fileID: 400002, guid: 202138bb82c74b34090ae757b3d0cae7, type: 3}
  m_PrefabInternal: {fileID: 0}
  m_GameObject: {fileID: 1665942990}
  m_LocalRotation: {x: -.707106829, y: -2.29045384e-07, z: -2.29045384e-07, w: .707106829}
  m_LocalPosition: {x: -1.09281373, y: 1.48873961, z: -.761405349}
  m_LocalScale: {x: .0999999866, y: .0999999791, z: .0999999866}
  m_Children: []
  m_Father: {fileID: 981411666}
  m_RootOrder: 4
--- !u!23 &1665942992
Renderer:
  m_ObjectHideFlags: 0
  m_PrefabParentObject: {fileID: 2300000, guid: 202138bb82c74b34090ae757b3d0cae7,
    type: 3}
  m_PrefabInternal: {fileID: 0}
  m_GameObject: {fileID: 1665942990}
  m_Enabled: 1
  m_CastShadows: 1
  m_ReceiveShadows: 1
  m_LightmapIndex: 0
  m_LightmapTilingOffset: {x: .029296875, y: .029296875, z: .966796875, w: .09375}
  m_Materials:
  - {fileID: 2100000, guid: 4df22e458844a9747a2f1d392dee9a46, type: 2}
  m_SubsetIndices: 
  m_StaticBatchRoot: {fileID: 0}
  m_UseLightProbes: 0
  m_LightProbeAnchor: {fileID: 0}
  m_ScaleInLightmap: 1
  m_SortingLayerID: 0
  m_SortingOrder: 0
--- !u!33 &1665942993
MeshFilter:
  m_ObjectHideFlags: 0
  m_PrefabParentObject: {fileID: 3300000, guid: 202138bb82c74b34090ae757b3d0cae7,
    type: 3}
  m_PrefabInternal: {fileID: 0}
  m_GameObject: {fileID: 1665942990}
  m_Mesh: {fileID: 4300000, guid: 202138bb82c74b34090ae757b3d0cae7, type: 3}
--- !u!1 &1708100279
GameObject:
  m_ObjectHideFlags: 0
  m_PrefabParentObject: {fileID: 100006, guid: 202138bb82c74b34090ae757b3d0cae7, type: 3}
  m_PrefabInternal: {fileID: 0}
  serializedVersion: 4
  m_Component:
  - 4: {fileID: 1708100280}
  - 33: {fileID: 1708100282}
  - 23: {fileID: 1708100281}
  m_Layer: 0
  m_Name: Barrel-3
  m_TagString: Untagged
  m_Icon: {fileID: 0}
  m_NavMeshLayer: 0
  m_StaticEditorFlags: 4294967295
  m_IsActive: 1
--- !u!4 &1708100280
Transform:
  m_ObjectHideFlags: 0
  m_PrefabParentObject: {fileID: 400006, guid: 202138bb82c74b34090ae757b3d0cae7, type: 3}
  m_PrefabInternal: {fileID: 0}
  m_GameObject: {fileID: 1708100279}
  m_LocalRotation: {x: .246140182, y: -.662883699, z: -.662884176, w: -.246139869}
  m_LocalPosition: {x: -3.44775057, y: .0132026225, z: -1.09855318}
  m_LocalScale: {x: .0999999866, y: .0999999791, z: .0999999866}
  m_Children: []
  m_Father: {fileID: 981411666}
  m_RootOrder: 9
--- !u!23 &1708100281
Renderer:
  m_ObjectHideFlags: 0
  m_PrefabParentObject: {fileID: 2300004, guid: 202138bb82c74b34090ae757b3d0cae7,
    type: 3}
  m_PrefabInternal: {fileID: 0}
  m_GameObject: {fileID: 1708100279}
  m_Enabled: 1
  m_CastShadows: 1
  m_ReceiveShadows: 1
  m_LightmapIndex: 0
  m_LightmapTilingOffset: {x: .029296875, y: .029296875, z: .935546875, w: .0625}
  m_Materials:
  - {fileID: 2100000, guid: 4df22e458844a9747a2f1d392dee9a46, type: 2}
  m_SubsetIndices: 
  m_StaticBatchRoot: {fileID: 0}
  m_UseLightProbes: 0
  m_LightProbeAnchor: {fileID: 0}
  m_ScaleInLightmap: 1
  m_SortingLayerID: 0
  m_SortingOrder: 0
--- !u!33 &1708100282
MeshFilter:
  m_ObjectHideFlags: 0
  m_PrefabParentObject: {fileID: 3300004, guid: 202138bb82c74b34090ae757b3d0cae7,
    type: 3}
  m_PrefabInternal: {fileID: 0}
  m_GameObject: {fileID: 1708100279}
  m_Mesh: {fileID: 4300004, guid: 202138bb82c74b34090ae757b3d0cae7, type: 3}
--- !u!1 &1739097516
GameObject:
  m_ObjectHideFlags: 0
  m_PrefabParentObject: {fileID: 100002, guid: 19730c7ae7bbb22469e63650fa14f7d7, type: 3}
  m_PrefabInternal: {fileID: 0}
  serializedVersion: 4
  m_Component:
  - 4: {fileID: 1739097519}
  - 33: {fileID: 1739097518}
  - 23: {fileID: 1739097517}
  m_Layer: 0
  m_Name: Container-1
  m_TagString: Untagged
  m_Icon: {fileID: 0}
  m_NavMeshLayer: 0
  m_StaticEditorFlags: 4294967295
  m_IsActive: 1
--- !u!23 &1739097517
Renderer:
  m_ObjectHideFlags: 0
  m_PrefabParentObject: {fileID: 2300000, guid: 19730c7ae7bbb22469e63650fa14f7d7,
    type: 3}
  m_PrefabInternal: {fileID: 0}
  m_GameObject: {fileID: 1739097516}
  m_Enabled: 1
  m_CastShadows: 1
  m_ReceiveShadows: 1
  m_LightmapIndex: 0
  m_LightmapTilingOffset: {x: .177734375, y: .177734375, z: 0, w: .647460938}
  m_Materials:
  - {fileID: 2100000, guid: f0f079d1ac9e4d64aaaa37e2c26182a7, type: 2}
  m_SubsetIndices: 
  m_StaticBatchRoot: {fileID: 0}
  m_UseLightProbes: 0
  m_LightProbeAnchor: {fileID: 0}
  m_ScaleInLightmap: 1
  m_SortingLayerID: 0
  m_SortingOrder: 0
--- !u!33 &1739097518
MeshFilter:
  m_ObjectHideFlags: 0
  m_PrefabParentObject: {fileID: 3300000, guid: 19730c7ae7bbb22469e63650fa14f7d7,
    type: 3}
  m_PrefabInternal: {fileID: 0}
  m_GameObject: {fileID: 1739097516}
  m_Mesh: {fileID: 4300000, guid: 19730c7ae7bbb22469e63650fa14f7d7, type: 3}
--- !u!4 &1739097519
Transform:
  m_ObjectHideFlags: 0
  m_PrefabParentObject: {fileID: 400002, guid: 19730c7ae7bbb22469e63650fa14f7d7, type: 3}
  m_PrefabInternal: {fileID: 0}
  m_GameObject: {fileID: 1739097516}
  m_LocalRotation: {x: -.707106829, y: 0, z: 0, w: .707106829}
  m_LocalPosition: {x: 9.39757252, y: 1.49023128, z: -.75188446}
  m_LocalScale: {x: .100000001, y: .100000001, z: .100000001}
  m_Children: []
  m_Father: {fileID: 1153341937}
  m_RootOrder: 1
--- !u!1 &1749869239
GameObject:
  m_ObjectHideFlags: 0
  m_PrefabParentObject: {fileID: 100002, guid: 202138bb82c74b34090ae757b3d0cae7, type: 3}
  m_PrefabInternal: {fileID: 374886514}
  serializedVersion: 4
  m_Component:
  - 4: {fileID: 1749869242}
  - 33: {fileID: 1749869241}
  - 23: {fileID: 1749869240}
  m_Layer: 0
  m_Name: Barrel-1
  m_TagString: Untagged
  m_Icon: {fileID: 0}
  m_NavMeshLayer: 0
  m_StaticEditorFlags: 4294967295
  m_IsActive: 1
--- !u!23 &1749869240
Renderer:
  m_ObjectHideFlags: 0
  m_PrefabParentObject: {fileID: 2300000, guid: 202138bb82c74b34090ae757b3d0cae7,
    type: 3}
  m_PrefabInternal: {fileID: 374886514}
  m_GameObject: {fileID: 1749869239}
  m_Enabled: 1
  m_CastShadows: 1
  m_ReceiveShadows: 1
  m_LightmapIndex: 0
  m_LightmapTilingOffset: {x: .029296875, y: .029296875, z: .935546875, w: .09375}
  m_Materials:
  - {fileID: 2100000, guid: 4df22e458844a9747a2f1d392dee9a46, type: 2}
  m_SubsetIndices: 
  m_StaticBatchRoot: {fileID: 0}
  m_UseLightProbes: 0
  m_LightProbeAnchor: {fileID: 0}
  m_ScaleInLightmap: 1
  m_SortingLayerID: 0
  m_SortingOrder: 0
--- !u!33 &1749869241
MeshFilter:
  m_ObjectHideFlags: 0
  m_PrefabParentObject: {fileID: 3300000, guid: 202138bb82c74b34090ae757b3d0cae7,
    type: 3}
  m_PrefabInternal: {fileID: 374886514}
  m_GameObject: {fileID: 1749869239}
  m_Mesh: {fileID: 4300000, guid: 202138bb82c74b34090ae757b3d0cae7, type: 3}
--- !u!4 &1749869242
Transform:
  m_ObjectHideFlags: 0
  m_PrefabParentObject: {fileID: 400002, guid: 202138bb82c74b34090ae757b3d0cae7, type: 3}
  m_PrefabInternal: {fileID: 374886514}
  m_GameObject: {fileID: 1749869239}
  m_LocalRotation: {x: -.707106829, y: 0, z: -0, w: .707106829}
  m_LocalPosition: {x: -1.0996213, y: 1.49011612e-07, z: .516044378}
  m_LocalScale: {x: .100000001, y: .100000001, z: .100000001}
  m_Children: []
  m_Father: {fileID: 981411666}
  m_RootOrder: 0
--- !u!1 &2042584475
GameObject:
  m_ObjectHideFlags: 0
  m_PrefabParentObject: {fileID: 100004, guid: 19730c7ae7bbb22469e63650fa14f7d7, type: 3}
  m_PrefabInternal: {fileID: 0}
  serializedVersion: 4
  m_Component:
  - 4: {fileID: 2042584476}
  - 33: {fileID: 2042584478}
  - 23: {fileID: 2042584477}
  m_Layer: 0
  m_Name: Container-2
  m_TagString: Untagged
  m_Icon: {fileID: 0}
  m_NavMeshLayer: 0
  m_StaticEditorFlags: 4294967295
  m_IsActive: 1
--- !u!4 &2042584476
Transform:
  m_ObjectHideFlags: 0
  m_PrefabParentObject: {fileID: 400004, guid: 19730c7ae7bbb22469e63650fa14f7d7, type: 3}
  m_PrefabInternal: {fileID: 0}
  m_GameObject: {fileID: 2042584475}
  m_LocalRotation: {x: 0, y: .707106829, z: .707106829, w: 0}
  m_LocalPosition: {x: 9.39757252, y: 2.38418579e-07, z: -1.92609048}
  m_LocalScale: {x: .100000001, y: .100000001, z: .100000001}
  m_Children: []
  m_Father: {fileID: 1153341937}
  m_RootOrder: 2
--- !u!23 &2042584477
Renderer:
  m_ObjectHideFlags: 0
  m_PrefabParentObject: {fileID: 2300002, guid: 19730c7ae7bbb22469e63650fa14f7d7,
    type: 3}
  m_PrefabInternal: {fileID: 0}
  m_GameObject: {fileID: 2042584475}
  m_Enabled: 1
  m_CastShadows: 1
  m_ReceiveShadows: 1
  m_LightmapIndex: 0
  m_LightmapTilingOffset: {x: .239257812, y: .239257812, z: 0, w: 0}
  m_Materials:
  - {fileID: 2100000, guid: f9843a57b7ba4af4485da0b13f7b458d, type: 2}
  m_SubsetIndices: 
  m_StaticBatchRoot: {fileID: 0}
  m_UseLightProbes: 0
  m_LightProbeAnchor: {fileID: 0}
  m_ScaleInLightmap: 1
  m_SortingLayerID: 0
  m_SortingOrder: 0
--- !u!33 &2042584478
MeshFilter:
  m_ObjectHideFlags: 0
  m_PrefabParentObject: {fileID: 3300002, guid: 19730c7ae7bbb22469e63650fa14f7d7,
    type: 3}
  m_PrefabInternal: {fileID: 0}
  m_GameObject: {fileID: 2042584475}
  m_Mesh: {fileID: 4300002, guid: 19730c7ae7bbb22469e63650fa14f7d7, type: 3}
--- !u!1 &2096956968
GameObject:
  m_ObjectHideFlags: 0
  m_PrefabParentObject: {fileID: 100002, guid: 19730c7ae7bbb22469e63650fa14f7d7, type: 3}
  m_PrefabInternal: {fileID: 0}
  serializedVersion: 4
  m_Component:
  - 4: {fileID: 2096956969}
  - 33: {fileID: 2096956971}
  - 23: {fileID: 2096956970}
  m_Layer: 0
  m_Name: Container-1
  m_TagString: Untagged
  m_Icon: {fileID: 0}
  m_NavMeshLayer: 0
  m_StaticEditorFlags: 4294967295
  m_IsActive: 1
--- !u!4 &2096956969
Transform:
  m_ObjectHideFlags: 0
  m_PrefabParentObject: {fileID: 400002, guid: 19730c7ae7bbb22469e63650fa14f7d7, type: 3}
  m_PrefabInternal: {fileID: 0}
  m_GameObject: {fileID: 2096956968}
  m_LocalRotation: {x: 3.09086232e-08, y: -.707106829, z: -.707106829, w: -3.09086232e-08}
  m_LocalPosition: {x: .6896258, y: 1.4902308, z: -1.47023869}
  m_LocalScale: {x: .100000001, y: .100000001, z: .100000001}
  m_Children: []
  m_Father: {fileID: 1153341937}
  m_RootOrder: 4
--- !u!23 &2096956970
Renderer:
  m_ObjectHideFlags: 0
  m_PrefabParentObject: {fileID: 2300000, guid: 19730c7ae7bbb22469e63650fa14f7d7,
    type: 3}
  m_PrefabInternal: {fileID: 0}
  m_GameObject: {fileID: 2096956968}
  m_Enabled: 1
  m_CastShadows: 1
  m_ReceiveShadows: 1
  m_LightmapIndex: 0
  m_LightmapTilingOffset: {x: .177734375, y: .177734375, z: 0, w: .467773438}
  m_Materials:
  - {fileID: 2100000, guid: f9843a57b7ba4af4485da0b13f7b458d, type: 2}
  m_SubsetIndices: 
  m_StaticBatchRoot: {fileID: 0}
  m_UseLightProbes: 0
  m_LightProbeAnchor: {fileID: 0}
  m_ScaleInLightmap: 1
  m_SortingLayerID: 0
  m_SortingOrder: 0
--- !u!33 &2096956971
MeshFilter:
  m_ObjectHideFlags: 0
  m_PrefabParentObject: {fileID: 3300000, guid: 19730c7ae7bbb22469e63650fa14f7d7,
    type: 3}
  m_PrefabInternal: {fileID: 0}
  m_GameObject: {fileID: 2096956968}
  m_Mesh: {fileID: 4300000, guid: 19730c7ae7bbb22469e63650fa14f7d7, type: 3}
--- !u!1 &2118633920
GameObject:
  m_ObjectHideFlags: 0
  m_PrefabParentObject: {fileID: 100006, guid: 202138bb82c74b34090ae757b3d0cae7, type: 3}
  m_PrefabInternal: {fileID: 374886514}
  serializedVersion: 4
  m_Component:
  - 4: {fileID: 2118633921}
  - 33: {fileID: 2118633923}
  - 23: {fileID: 2118633922}
  m_Layer: 0
  m_Name: Barrel-3
  m_TagString: Untagged
  m_Icon: {fileID: 0}
  m_NavMeshLayer: 0
  m_StaticEditorFlags: 4294967295
  m_IsActive: 1
--- !u!4 &2118633921
Transform:
  m_ObjectHideFlags: 0
  m_PrefabParentObject: {fileID: 400006, guid: 202138bb82c74b34090ae757b3d0cae7, type: 3}
  m_PrefabInternal: {fileID: 374886514}
  m_GameObject: {fileID: 2118633920}
  m_LocalRotation: {x: -.707106829, y: 0, z: -0, w: .707106829}
  m_LocalPosition: {x: -.706924438, y: 1.49011612e-07, z: .611154735}
  m_LocalScale: {x: .100000001, y: .100000001, z: .100000001}
  m_Children: []
  m_Father: {fileID: 981411666}
  m_RootOrder: 2
--- !u!23 &2118633922
Renderer:
  m_ObjectHideFlags: 0
  m_PrefabParentObject: {fileID: 2300004, guid: 202138bb82c74b34090ae757b3d0cae7,
    type: 3}
  m_PrefabInternal: {fileID: 374886514}
  m_GameObject: {fileID: 2118633920}
  m_Enabled: 1
  m_CastShadows: 1
  m_ReceiveShadows: 1
  m_LightmapIndex: 0
  m_LightmapTilingOffset: {x: .029296875, y: .029296875, z: .966796875, w: .03125}
  m_Materials:
  - {fileID: 2100000, guid: 4df22e458844a9747a2f1d392dee9a46, type: 2}
  m_SubsetIndices: 
  m_StaticBatchRoot: {fileID: 0}
  m_UseLightProbes: 0
  m_LightProbeAnchor: {fileID: 0}
  m_ScaleInLightmap: 1
  m_SortingLayerID: 0
  m_SortingOrder: 0
--- !u!33 &2118633923
MeshFilter:
  m_ObjectHideFlags: 0
  m_PrefabParentObject: {fileID: 3300004, guid: 202138bb82c74b34090ae757b3d0cae7,
    type: 3}
  m_PrefabInternal: {fileID: 374886514}
  m_GameObject: {fileID: 2118633920}
  m_Mesh: {fileID: 4300004, guid: 202138bb82c74b34090ae757b3d0cae7, type: 3}
